
@article{alkan2011differentiation,
	title={Differentiation between vergence and saccadic functional activity within the human frontal eye fields and midbrain revealed through fMRI},
	author={Alkan, Yelda and Biswal, Bharat B and Alvarez, Tara L},
	journal={PLoS One},
	volume={6},
	number={11},
	pages={e25866},
	year={2011},
	publisher={Public Library of Science}
}

@article{amiez2009anatomical,
	title={Anatomical organization of the eye fields in the human and non-human primate frontal cortex},
	author={Amiez, C{\'e}line and Petrides, Michael},
	journal={Progress in neurobiology},
	volume={89},
	number={2},
	pages={220--230},
	year={2009},
	publisher={Elsevier}
}

@article{anderson2015comparison,
	title={A comparison of scanpath comparison methods},
	author={Anderson, Nicola C and Anderson, Fraser and Kingstone, Alan and Bischof, Walter F},
	journal={Behavior research methods},
	volume={47},
	number={4},
	pages={1377--1392},
	year={2015},
	publisher={Springer}
}

@article{andersson2017one,
	title={One algorithm to rule them all? An evaluation and discussion of ten eye movement event-detection algorithms},
	author={Andersson, Richard and Larsson, Linnea and Holmqvist, Kenneth and Stridh, Martin and Nystr{\"o}m, Marcus},
	journal={Behavior research methods},
	volume={49},
	number={2},
	pages={616--637},
	year={2017},
	publisher={Springer}
}


@misc{baumgartner,
	title={Cortical representation of saliency maps driven by exogenous and endogenous attention during natural viewing},
	author={Baumgartner, Florian and
	Hanke, Michael and
	Pollmann, Stefan},
	year={unpublished}
}

@book{bellebaum2012neuropsych,
	title={Neuropsychologie},
	author={Christian Bellebaum and Patrizia Thoma and Irene Daum},
	year={2012},
	publisher={Springer}
}



@book{benninghof2004anat,
	title={Anatomie, Makroskopische Anatomie, Embryologie und Histologie des Menschen.: Band 2: Herz-Kreislauf-System, Lymphatisches System, Endokrine Dr√ºsen, Nervensystem, Sinnesorgane, Haut.},
	author={Drenckhahn, Detlef},
	year={2004},
	publisher={Elsevier GmbH},
	location={Amsterdam}
}


@article{blanke2000FEF,
	title={Location of the human frontal eye field as defined by electrical cortical stimulation: anatomical, functional and electrophysiological characteristics},
	author={Blanke, O and Spinelli, L and Thut, G and Michel, C M and Perrig, S and Landis, T and Seek, M},
	journal={NeuroReport},
	volume={11},
	number={9},
	pages={1907--1913},
	year={2000},
	publisher={Kluwer}
}

@article{blanke2003direction,
	title={Direction of saccadic and smooth eye movements induced by electrical stimulation of the human frontal eye field: effect of orbital position},
	author={Blanke, Olaf and Seeck, Margitta},
	journal={Experimental brain research},
	volume={150},
	number={2},
	pages={174--183},
	year={2003},
	publisher={Springer}
}


@article{blankenburg2010studying,
	title={Studying the role of human parietal cortex in visuospatial attention with concurrent TMS--fMRI},
	author={Blankenburg, Felix and Ruff, Christian C and Bestmann, Sven and Bjoertomt, Otto and Josephs, Oliver and Deichmann, Ralf and Driver, Jon},
	journal={Cerebral Cortex},
	volume={20},
	number={11},
	pages={2702--2711},
	year={2010},
	publisher={Oxford University Press}
}

@article{bressler2008top,
	title={Top-down control of human visual cortex by frontal and parietal cortex in anticipatory visual spatial attention},
	author={Bressler, Steven L and Tang, Wei and Sylvester, Chad M and Shulman, Gordon L and Corbetta, Maurizio},
	journal={Journal of Neuroscience},
	volume={28},
	number={40},
	pages={10056--10061},
	year={2008},
	publisher={Soc Neuroscience}
}

@article{bruce1985primate,
	title={Primate frontal eye fields. II. Physiological and anatomical correlates of electrically evoked eye movements},
	author={Bruce, Charles J and Goldberg, Michael E and Bushnell, M Catherine and Stanton, Gregory B},
	journal={Journal of neurophysiology},
	volume={54},
	number={3},
	pages={714--734},
	year={1985},
	publisher={American Physiological Society Bethesda, MD}
}

@article{carmi2006visual,
	title={Visual causes versus correlates of attentional selection in dynamic scenes},
	author={Carmi, Ran and Itti, Laurent},
	journal={Vision research},
	volume={46},
	number={26},
	pages={4333--4345},
	year={2006},
	publisher={Elsevier}
}


@article{carrasco2011visual,
	title={Visual attention: The past 25 years},
	author={Carrasco, Marisa},
	journal={Vision research},
	volume={51},
	number={13},
	pages={1484--1525},
	year={2011},
	publisher={Elsevier}
}

@article{chica2013two,
	title={Two cognitive and neural systems for endogenous and exogenous spatial attention},
	author={Chica, Ana B and Bartolomeo, Paolo and Lupi{\'a}{\~n}ez, Juan},
	journal={Behavioural brain research},
	volume={237},
	pages={107--123},
	year={2013},
	publisher={Elsevier}
}

@article{connolly2002human,
	title={Human fMRI evidence for the neural correlates of preparatory set},
	author={Connolly, Jason D and Goodale, Melvyn A and Menon, Ravi S and Munoz, Douglas P},
	journal={Nature neuroscience},
	volume={5},
	number={12},
	pages={1345},
	year={2002},
	publisher={Nature Publishing Group}
}


@article{corbetta2002control,
	title={Control of goal-directed and stimulus-driven attention in the brain},
	author={Corbetta, Maurizio and Shulman, Gordon L},
	journal={Nature reviews neuroscience},
	volume={3},
	number={3},
	pages={201},
	year={2002},
	publisher={Nature Publishing Group}
}

@article{corbetta2008reorienting,
	title={The reorienting system of the human brain: from environment to theory of mind},
	author={Corbetta, Maurizio and Patel, Gaurav and Shulman, Gordon L},
	journal={Neuron},
	volume={58},
	number={3},
	pages={306--324},
	year={2008},
	publisher={Elsevier}
}

@article{coutrot2018scanpath,
	title={Scanpath modeling and classification with hidden Markov models},
	author={Coutrot, Antoine and Hsiao, Janet H and Chan, Antoni B},
	journal={Behavior research methods},
	volume={50},
	number={1},
	pages={362--379},
	year={2018},
	publisher={Springer}
}

@article{cristino2010scanmatch,
	title={ScanMatch: A novel method for comparing fixation sequences},
	author={Cristino, Filipe and Math{\^o}t, Sebastiaan and Theeuwes, Jan and Gilchrist, Iain D},
	journal={Behavior research methods},
	volume={42},
	number={3},
	pages={692--700},
	year={2010},
	publisher={Springer}
}

@article{crowne1981effects,
	title={The effects of unilateral frontal eye field lesions in the monkey: visual-motor guidance and avoidance behaviour},
	author={Crowne, Douglas P and Yeo, Christopher H and Russell, I Steele},
	journal={Behavioural brain research},
	volume={2},
	number={2},
	pages={165--187},
	year={1981},
	publisher={Elsevier}
}

@article{daniel1961representation,
	title={The representation of the visual field on the cerebral cortex in monkeys},
	author={Daniel, PM and Whitteridge, D},
	journal={The Journal of physiology},
	volume={159},
	number={2},
	pages={203--221},
	year={1961},
	publisher={Wiley Online Library}
}

@article{dar2019,
	title={REMoDNaV: Robust Eye Movement Detection for Natural Viewing},
	author = {Dar, Asim and
	Wagner, Adina and
	Schnaithmann, Ulrike and
	Dombrowe, Isabel and
	Hanke, Michael},
	year = {in preparation}	
}

@article{dewhurst2012depends,
	title={It depends on how you look at it: Scanpath comparison in multiple dimensions with MultiMatch, a vector-based approach},
	author={Dewhurst, Richard and Nystr{\"o}m, Marcus and Jarodzka, Halszka and Foulsham, Tom and Johansson, Roger and Holmqvist, Kenneth},
	journal={Behavior research methods},
	volume={44},
	number={4},
	pages={1079--1100},
	year={2012},
	publisher={Springer}
}

@article{dijkstra1959note,
	title={A note on two problems in connexion with graphs},
	author={Dijkstra, Edsger W},
	journal={Numerische mathematik},
	volume={1},
	number={1},
	pages={269--271},
	year={1959},
	publisher={Springer}
}

@article{downar2000multimodal,
	title={A multimodal cortical network for the detection of changes in the sensory environment},
	author={Downar, Jonathan and Crawley, Adrian P and Mikulis, David J and Davis, Karen D},
	journal={Nature neuroscience},
	volume={3},
	number={3},
	pages={277},
	year={2000},
	publisher={Nature Publishing Group}
}

@article{downar2001effect,
	title={The effect of task relevance on the cortical response to changes in visual and auditory stimuli: an event-related fMRI study},
	author={Downar, Jonathan and Crawley, Adrian P and Mikulis, David J and Davis, Karen D},
	journal={Neuroimage},
	volume={14},
	number={6},
	pages={1256--1267},
	year={2001},
	publisher={Elsevier}
}

@article{dorr2010variability,
	title={Variability of eye movements when viewing dynamic natural scenes},
	author={Dorr, Michael and Martinetz, Thomas and Gegenfurtner, Karl R and Barth, Erhardt},
	journal={Journal of vision},
	volume={10},
	number={10},
	pages={28--28},
	year={2010},
	publisher={The Association for Research in Vision and Ophthalmology}
}

@article{fox2006spontaneous,
	title={Spontaneous neuronal activity distinguishes human dorsal and ventral attention systems},
	author={Fox, Michael D and Corbetta, Maurizio and Snyder, Abraham Z and Vincent, Justin L and Raichle, Marcus E},
	journal={Proceedings of the National Academy of Sciences},
	volume={103},
	number={26},
	pages={10046--10051},
	year={2006},
	publisher={National Acad Sciences}
}

@article{fox2009defining,
	title={Defining the face processing network: optimization of the functional localizer in fMRI},
	author={Fox, Christopher J and Iaria, Giuseppe and Barton, Jason JS},
	journal={Human brain mapping},
	volume={30},
	number={5},
	pages={1637--1651},
	year={2009},
	publisher={Wiley Online Library}
}

@article{french2017evaluation,
	title={An evaluation of scanpath-comparison and machine-learning classification algorithms used to study the dynamics of analogy making},
	author={French, Robert M and Glady, Yannick and Thibaut, Jean-Pierre},
	journal={Behavior research methods},
	volume={49},
	number={4},
	pages={1291--1302},
	year={2017},
	publisher={Springer}
}

@article{FUKUSHIMA1991159,
	title = "The interstitial nucleus of Cajal in the midbrain reticular formation and vertical eye movement",
	journal = "Neuroscience Research",
	volume = "10",
	number = "3",
	pages = "159 - 187",
	year = "1991",
	issn = "0168-0102",
	doi = "https://doi.org/10.1016/0168-0102(91)90055-4",
	url = "http://www.sciencedirect.com/science/article/pii/0168010291900554",
	author = "Kikuro Fukushima",
}

@article{goldstein2007people,
	title={Where people look when watching movies: Do all viewers look at the same place?},
	author={Goldstein, Robert B and Woods, Russell L and Peli, Eli},
	journal={Computers in biology and medicine},
	volume={37},
	number={7},
	pages={957--964},
	year={2007},
	publisher={Elsevier}
}

@article{goodwin2007cranial,
	title={Cranial Nerves III, IV, and VI: the oculomotor system},
	author={Goodwin, James},
	journal={Textbook of clinical neurology},
	pages={133--164},
	year={2007},
	publisher={Saunders, Elsevier}
}

@article{gorgolewski2016brain,
	title={The brain imaging data structure, a format for organizing and describing outputs of neuroimaging experiments},
	author={Gorgolewski, Krzysztof J and Auer, Tibor and Calhoun, Vince D and Craddock, R Cameron and Das, Samir and Duff, Eugene P and Flandin, Guillaume and Ghosh, Satrajit S and Glatard, Tristan and Halchenko, Yaroslav O and others},
	journal={Scientific Data},
	volume={3},
	pages={160044},
	year={2016},
	publisher={Nature Publishing Group}
}
@misc{yarkoni_tal_2019_2555449,
	author       = {Yarkoni, Tal and
	Markiewicz, Christopher J. and
	de la Vega, Alejandro and
	Gorgolewski, Krzysztof J. and
	Salo, Taylor and
	Halchenko, Yaroslav O. and
	McNamara, Quinten and
	DeStasio, Krista and
	Poline, Jean-Baptiste and
	Petrov, Dmitry and
	Hayot-Sasson, Val√©rie and
	Nielson, Dylan M. and
	Carlin, Johan and
	Kiar, Gregory and
	Whitaker, Kirstie and
	DuPre, Elizabeth and
	Wagner, Adina and
	Ivanov, Alexander and
	Tirrell, Lee S. and
	Jas, Mainak and
	Hanke, Michael and
	Poldrack, Russell and
	Esteban, Oscar and
	Appelhoff, Stefan and
	Holdgraf, Chris and
	Staden, Isla and
	Rokem, Ariel and
	Thirion, Bertrand and
	Kleinschmidt, Dave F. and
	Lee, John A. and
	Visconti di Oleggio Castello, Matteo and
	Notter, Michael Philipp and
	Roca, Pauline and
	Blair, Ross},
	title        = {bids-standard/pybids: 0.7.1},
	month        = feb,
	year         = 2019,
	doi          = {10.5281/zenodo.2555449},
	url          = {https://doi.org/10.5281/zenodo.2555449}
}

@misc{markiewicz_christopher_j_2019_2555453,
	author       = {Markiewicz, Christopher J. and
	De La Vega, Alejandro and
	Wagner, Adina and
	Halchenko, Yaroslav O. and
	Poldrack, Russell A. and
	Gorgolewski, Krzysztof J.},
	title        = {poldracklab/fitlins: 0.2.0},
	month        = feb,
	year         = 2019,
	doi          = {10.5281/zenodo.2555453},
	url          = {https://doi.org/10.5281/zenodo.2555453}
}

@misc{yaroslav_halchenko_2018_2403222,
	author       = {Yaroslav Halchenko and
	Kyle Meyer and
	Matt Travers and
	chaselgrove and
	Robert W. Buccigrossi, Ph.D.},
	title        = {ReproNim/niceman v0.1.0},
	month        = dec,
	year         = 2018,
	doi          = {10.5281/zenodo.2403222},
	url          = {https://doi.org/10.5281/zenodo.2403222}
}

@misc{gorgolewski_krzysztof,
	author   = {Gorgolewski, Krzysztof J. and
	Esteban, Oscar and
	Ellis, David Gage and
	Notter, Michael Philipp and
	Ziegler, Erik and
	Johnson, Hans and
	Hamalainen, Carlo and
	Yvernault, Benjamin and
	Burns, Christopher and
	Manh√£es-Savio, Alexandre and
	Jarecka, Dorota and
	Markiewicz, Christopher J. and
	Salo, Taylor and
	Clark, Daniel and
	Waskom, Michael and
	Wong, Jason and
	Modat, Marc and
	Dewey, Blake E and
	Clark, Michael G. and
	Dayan, Michael and
	Loney, Fred and
	Madison, Cindee and
	Gramfort, Alexandre and
	Keshavan, Anisha and
	Berleant, Shoshana and
	Pinsard, Basile and
	Goncalves, Mathias and
	Clark, Dav and
	Cipollini, Ben and
	Varoquaux, Gael and
	Wassermann , Demian and
	Rokem, Ariel and
	Halchenko, Yaroslav O. and
	Forbes, Jessica and
	Moloney, Brendan and
	Malone, Ian B. and
	Hanke, Michael and
	Mordom, David and
	Buchanan, Colin and
	PAULI, WOLFGANG M. and
	Huntenburg, Julia M. and
	Horea, Christian and
	Schwartz, Yannick and
	Tungaraza, Rosalia and
	Iqbal, Shariq and
	Kleesiek, Jens and
	Sikka, Sharad and
	Frohlich, Caroline and
	Kent, James and
	Perez-Guevara, Martin and
	Watanabe, Aimi and
	Welch, David and
	Cumba, Chad and
	Ginsburg, Daniel and
	Eshaghi, Arman and
	Kastman, Erik and
	Bougacha, Salma and
	Blair, Ross and
	Acland, Benjamin and
	Gillman, Ashley and
	Schaefer, Alexander and
	Nichols, B. Nolan and
	Giavasis, Steven and
	Erickson, Drew and
	Correa, Carlos and
	Ghayoor, Ali and
	K√ºttner, Ren√© and
	Haselgrove, Christian and
	Zhou, Dale and
	Craddock, R. Cameron and
	Haehn, Daniel and
	Lampe, Leonie and
	Millman, Jarrod and
	Lai, Jeff and
	Renfro, Mandy and
	Liu, Siqi and
	Stadler, J√∂rg and
	Glatard, Tristan and
	Kahn, Ari E. and
	Kong, Xiang-Zhen and
	Triplett, William and
	Park, Anne and
	McDermottroe, Conor and
	Hallquist, Michael and
	Poldrack, Russell and
	Perkins, L. Nathan and
	Noel, Maxime and
	Gerhard, Stephan and
	Salvatore, John and
	Mertz, Fred and
	Broderick, William and
	Inati, Souheil and
	Hinds, Oliver and
	Brett, Matthew and
	Durnez, Joke and
	Tambini, Arielle and
	Rothmei, Simon and
	Andberg, Sami Kristian and
	Cooper, Gavin and
	Marina, Ana and
	Mattfeld, Aaron and
	Urchs, Sebastian and
	Sharp, Paul and
	Matsubara, K and
	Geisler, Daniel and
	Cheung, Brian and
	Floren, Andrew and
	Nickson, Thomas and
	Pannetier, Nicolas and
	Weinstein, Alejandro and
	Dubois, Mathieu and
	Arias, Jaime and
	Tarbert, Claire and
	Schlamp, Kai and
	Jordan, Kesshi and
	Liem, Franz and
	Saase, Victor and
	Harms, Robbert and
	Khanuja, Ranjeet and
	Podranski, Kornelius and
	Flandin, Guillaume and
	Papadopoulos Orfanos, Dimitri and
	Schwabacher, Isaac and
	McNamee, Daniel and
	Falkiewicz, Marcel and
	Pellman, John and
	Linkersd√∂rfer, Janosch and
	Varada, Jan and
	P√©rez-Garc√≠a, Fernando and
	Davison, Andrew and
	Shachnev, Dmitry and
	Ghosh, Satrajit},
	title        = {nipy/nipype: Release 0.13.1},
	month        = may,
	year         = 2017,
	doi          = {10.5281/zenodo.581704},
	url          = {https://doi.org/10.5281/zenodo.581704}
}

@article{hanke2009pymvpa,
	title={PyMVPA: a python toolbox for multivariate pattern analysis of fMRI data},
	author={Hanke, Michael and Halchenko, Yaroslav O and Sederberg, Per B and Hanson, Stephen Jos{\'e} and Haxby, James V and Pollmann, Stefan},
	journal={Neuroinformatics},
	volume={7},
	number={1},
	pages={37--53},
	year={2009},
	publisher={Springer}
}

@article{hanke2016studyforrest,
	title={A studyforrest extension, simultaneous fMRI and eye gaze recordings during prolonged natural stimulation},
	author={Hanke, Michael and Adelh{\"o}fer, Nico and Kottke, Daniel and Iacovella, Vittorio and Sengupta, Ayan and Kaule, Falko R and Nigbur, Roland and Waite, Alexander Q and Baumgartner, Florian and Stadler, J{\"o}rg},
	journal={Scientific data},
	volume={3},
	pages={160092},
	year={2016},
	publisher={Nature Publishing Group}
}

@article{hanke2014high,
	title={A high-resolution 7-Tesla fMRI dataset from complex natural stimulation with an audio movie},
	author={Hanke, Michael and Baumgartner, Florian J and Ibe, Pierre and Kaule, Falko R and Pollmann, Stefan and Speck, Oliver and Zinke, Wolf and Stadler, J{\"o}rg},
	journal={Scientific data},
	volume={1},
	pages={140003},
	year={2014},
	publisher={Nature Publishing Group}
}

@misc{michael_hanke_2018_2431915,
	author       = {Michael Hanke and
	Benjamin Poldrack and
	Kyle Meyer and
	Yaroslav Halchenko},
	title        = {datalad/datalad-container 0.2.2},
	month        = dec,
	year         = 2018,
	doi          = {10.5281/zenodo.2431915},
	url          = {https://doi.org/10.5281/zenodo.2431915}
}

@article{hausler2016annotation,
	title={An annotation of cuts, depicted locations, and temporal progression in the motion picture" Forrest Gump"},
	author={H{\"a}usler, Christian O and Hanke, Michael},
	journal={F1000Research},
	volume={5},
	year={2016},
	publisher={Faculty of 1000 Ltd}
}

@article{hasson2008neurocinematics,
	title={Neurocinematics: The neuroscience of film},
	author={Hasson, Uri and Landesman, Ohad and Knappmeyer, Barbara and Vallines, Ignacio and Rubin, Nava and Heeger, David J},
	journal={Projections},
	volume={2},
	number={1},
	pages={1--26},
	year={2008},
	publisher={Berghahn Journals}
}

@article{hasson2010reliability,
	title={Reliability of cortical activity during natural stimulation},
	author={Hasson, Uri and Malach, Rafael and Heeger, David J},
	journal={Trends in cognitive sciences},
	volume={14},
	number={1},
	pages={40--48},
	year={2010},
	publisher={Elsevier}
}


@article{hasson2004intersubject,
	title={Intersubject synchronization of cortical activity during natural vision},
	author={Hasson, Uri and Nir, Yuval and Levy, Ifat and Fuhrmann, Galit and Malach, Rafael},
	journal={science},
	volume={303},
	number={5664},
	pages={1634--1640},
	year={2004},
	publisher={American Association for the Advancement of Science}
}

@article{he2007breakdown,
	title={Breakdown of functional connectivity in frontoparietal networks underlies behavioral deficits in spatial neglect},
	author={He, Biyu J and Snyder, Abraham Z and Vincent, Justin L and Epstein, Adrian and Shulman, Gordon L and Corbetta, Maurizio},
	journal={Neuron},
	volume={53},
	number={6},
	pages={905--918},
	year={2007},
	publisher={Elsevier}
}

@book{holmqvist2011eye,
	title={Eye tracking: A comprehensive guide to methods and measures},
	author={Holmqvist, Kenneth and Nystr{\"o}m, Marcus and Andersson, Richard and Dewhurst, Richard and Jarodzka, Halszka and Van de Weijer, Joost},
	year={2011},
	publisher={OUP Oxford}
}

@article{ioannides2004meg,
	title={MEG tomography of human cortex and brainstem activity in waking and REM sleep saccades},
	author={Ioannides, Andreas A and Corsi-Cabrera, Maria and Fenwick, Peter BC and del Rio Portilla, Yolanda and Laskaris, Nikos A and Khurshudyan, Ara and Theofilou, Dionyssios and Shibata, Tadahiko and Uchida, Sunao and Nakabayashi, Tetsuo and others},
	journal={Cerebral Cortex},
	volume={14},
	number={1},
	pages={56--72},
	year={2004},
	publisher={Oxford University Press}
}

@article{itti2001computational,
	title={Computational modelling of visual attention},
	author={Itti, Laurent and Koch, Christof},
	journal={Nature reviews neuroscience},
	volume={2},
	number={3},
	pages={194},
	year={2001},
	publisher={Nature Publishing Group}
}

@inproceedings{jarodzka2010vector,
	title={A vector-based, multidimensional scanpath similarity measure},
	author={Jarodzka, Halszka and Holmqvist, Kenneth and Nystr{\"o}m, Marcus},
	booktitle={Proceedings of the 2010 symposium on eye-tracking research \& applications},
	pages={211--218},
	year={2010},
	organization={ACM}
}

@article{jenkinson2012fsl,
	title={Fsl},
	author={Jenkinson, Mark and Beckmann, Christian F and Behrens, Timothy EJ and Woolrich, Mark W and Smith, Stephen M},
	journal={Neuroimage},
	volume={62},
	number={2},
	pages={782--790},
	year={2012},
	publisher={Elsevier}
}

@inproceedings{levenshtein1966binary,
	title={Binary codes capable of correcting deletions, insertions, and reversals},
	author={Levenshtein, Vladimir I},
	booktitle={Soviet physics doklady},
	volume={10},
	number={8},
	pages={707--710},
	year={1966}
}

@article {Kanwisher11163,
	author = {Kanwisher, Nancy},
	title = {Functional specificity in the human brain: A window into the functional architecture of the mind},
	volume = {107},
	number = {25},
	pages = {11163--11170},
	year = {2010},
	doi = {10.1073/pnas.1005062107},
	publisher = {National Academy of Sciences},
	issn = {0027-8424},
	URL = {https://www.pnas.org/content/107/25/11163},
	eprint = {https://www.pnas.org/content/107/25/11163.full.pdf},
	journal = {Proceedings of the National Academy of Sciences}
}

@article{kawashima1998oculomotor,
	title={Oculomotor sequence learning: a positron emission tomography study},
	author={Kawashima, Ryuta and Tanji, Jun and Okada, Ken and Sugiura, Motoaki and Sato, Kazunori and Kinomura, Shigeo and Inoue, Kentaro and Ogawa, Akira and Fukuda, Hiroshi},
	journal={Experimental brain research},
	volume={122},
	number={1},
	pages={1--8},
	year={1998},
	publisher={Springer}
}


@article{kowler2011eye,
	title={Eye movements: The past 25 years},
	author={Kowler, Eileen},
	journal={Vision research},
	volume={51},
	number={13},
	pages={1457--1483},
	year={2011},
	publisher={Elsevier}
}

@incollection{krauzlis2014eye,
	title={Eye movements},
	author={Krauzlis, Richard J},
	booktitle={Fundamental Neuroscience (Fourth Edition)},
	pages={697--714},
	year={2014},
	publisher={Elsevier}
}

@article{leichnetz1988higher,
	title={Higher centers concerned with eye movement and visual attention: cerebral cortex and thalamus.},
	author={Leichnetz, GR and Goldberg, ME},
	journal={Reviews of oculomotor research},
	volume={2},
	pages={365--429},
	year={1988}
}

@misc{yarkonipliers,
	title={Developing a comprehensive framework for multimodal feature extraction.},
	author={McNamara, Quinten and
	De La Vega, Alejandro and
	Yarkoni, Tal},
	year = {2017},
	URL={http://github.com/tyarkoni/pliers}
}

@article{malinen2007towards,
	title={Towards natural stimulation in fMRI‚Äîissues of data analysis},
	author={Malinen, Sanna and Hlushchuk, Yevhen and Hari, Riitta},
	journal={Neuroimage},
	volume={35},
	number={1},
	pages={131--139},
	year={2007},
	publisher={Elsevier}
}


@book{DBLP:books/daglib/0087929,
	author    = {Tom M. Mitchell},
	title     = {Machine learning},
	series    = {McGraw Hill series in computer science},
	publisher = {McGraw-Hill},
	year      = {1997},
	url       = {http://www.worldcat.org/oclc/61321007},
	isbn      = {978-0-07-042807-2},
	timestamp = {Wed, 26 Apr 2017 01:00:00 +0200},
	biburl    = {https://dblp.org/rec/bib/books/daglib/0087929},
	bibsource = {dblp computer science bibliography, https://dblp.org}
}

@article{monosov2009frontal,
	title={Frontal eye field activity enhances object identification during covert visual search},
	author={Monosov, Ilya E and Thompson, Kirk G},
	journal={Journal of neurophysiology},
	volume={102},
	number={6},
	pages={3656--3672},
	year={2009},
	publisher={American Physiological Society Bethesda, MD}
}


@article{muggleton2003human,
	title={Human frontal eye fields and visual search},
	author={Muggleton, Neil G and Juan, Chi-Hung and Cowey, Alan and Walsh, Vincent},
	journal={Journal of neurophysiology},
	volume={89},
	number={6},
	pages={3340--3343},
	year={2003},
	publisher={American Physiological Society}
}

@incollection{munoz2002commentary,
	title={Commentary: saccadic eye movements: overview of neural circuitry},
	author={Munoz, Douglas P},
	booktitle={Progress in brain research},
	volume={140},
	pages={89--96},
	year={2002},
	publisher={Elsevier}
}

@article{nastase2016,
	title = {Localizing functional regions of interest based on responses to dynamic naturalistic stimuli},
	author = {Nastase, Samuel A. and Guntupalli, Swaroop J. and	Haxby, James V. and	Halchenko, Yaroslav O.},
	year = {2016},
	journal = {SfN San Diego}
		}

@article{nystrom2010adaptive,
	title={An adaptive algorithm for fixation, saccade, and glissade detection in eyetracking data},
	author={Nystr{\"o}m, Marcus and Holmqvist, Kenneth},
	journal={Behavior research methods},
	volume={42},
	number={1},
	pages={188--204},
	year={2010},
	publisher={Springer}
}

@article{ouerhani2004empirical,
	title={Empirical validation of the saliency-based model of visual attention},
	author={Ouerhani, Nabil and Von Wartburg, Roman and Hugli, Heinz and M{\"u}ri, Ren{\'e}},
	journal={ELCVIA: electronic letters on computer vision and image analysis},
	volume={3},
	number={1},
	pages={13--24},
	year={2004}
}

@article{paus1996location,
	title={Location and function of the human frontal eye-field: a selective review},
	author={Paus, Tom{\'a}{\v{s}}},
	journal={Neuropsychologia},
	volume={34},
	number={6},
	pages={475--483},
	year={1996},
	publisher={Elsevier}
}

@article{petit1999functional,
	title={Functional anatomy of pursuit eye movements in humans as revealed by fMRI},
	author={Petit, Laurent and Haxby, James V},
	journal={Journal of Neurophysiology},
	volume={82},
	number={1},
	pages={463--471},
	year={1999},
	publisher={American Physiological Society Bethesda, MD}
}

@article{perry1986ganglion,
	title={The ganglion-cell and cone distributions in the monkeys retina - Implications for central magnification factors},
	author={Perry, V and Cowey, A},
	journal={Behavioural Brain Research},
	volume={20},
	number={1},
	pages={131--132},
	year={1986}
}

@article{poldrack2009decoding,
	title={Decoding the large-scale structure of brain function by classifying mental states across individuals},
	author={Poldrack, Russell A and Halchenko, Yaroslav O and Hanson, Stephen Jos{\'e}},
	journal={Psychological science},
	volume={20},
	number={11},
	pages={1364--1372},
	year={2009},
	publisher={SAGE Publications Sage CA: Los Angeles, CA}
}


@article{posner1980attention,
	title={Attention and the detection of signals.},
	author={Posner, Michael I and Snyder, Charles R and Davidson, Brian J},
	journal={Journal of experimental psychology: General},
	volume={109},
	number={2},
	pages={160},
	year={1980},
	publisher={American Psychological Association}
}

@article{ranalli1988palsy,
	title={Palsy of upward and downward saccadic, pursuit, and vestibular movements with a unilateral midbrain lesion Pathophysiologic correlations},
	author={Ranalli, Paul J and Sharpe, James A and Fletcher, William A},
	journal={Neurology},
	volume={38},
	number={1},
	pages={114--114},
	year={1988},
	publisher={AAN Enterprises}
}


@article{riley1994syndrome,
	title={The syndrome of'pure akinesia'and its relationship to progressive supranuclear palsy},
	author={Riley, David E and Fogt, Nick and Leigh, R John},
	journal={Neurology},
	volume={44},
	number={6},
	pages={1025--1025},
	year={1994},
	publisher={AAN Enterprises}
}



@article{ross2013eye,
	title={Eye movements while viewing narrated, captioned, and silent videos},
	author={Ross, Nicholas M and Kowler, Eileen},
	journal={Journal of vision},
	volume={13},
	number={4},
	pages={1--1},
	year={2013},
	publisher={The Association for Research in Vision and Ophthalmology}
}


@article{rottach1996dynamic,
	title={Dynamic properties of horizontal and vertical eye movements in parkinsonian syndromes},
	author={Rottach, Klaus G and Riley, David E and DiScenna, Alfred O and Zivotofsky, Ari Z and Leigh, R John},
	journal={Annals of Neurology: Official Journal of the American Neurological Association and the Child Neurology Society},
	volume={39},
	number={3},
	pages={368--377},
	year={1996},
	publisher={Wiley Online Library}
}



@article{ruff2009hemispheric,
	title={Hemispheric differences in frontal and parietal influences on human occipital cortex: direct confirmation with concurrent TMS--fMRI},
	author={Ruff, Christian C and Blankenburg, Felix and Bjoertomt, Otto and Bestmann, Sven and Weiskopf, Nikolaus and Driver, Jon},
	journal={Journal of Cognitive Neuroscience},
	volume={21},
	number={6},
	pages={1146--1161},
	year={2009},
	publisher={MIT Press}
}

@article{schall1995topography,
	title={Topography of visual cortex connections with frontal eye field in macaque: convergence and segregation of processing streams},
	author={Schall, Jeffrey D and Morel, Anne and King, Dana J and Bullier, Jean},
	journal={Journal of Neuroscience},
	volume={15},
	number={6},
	pages={4464--4487},
	year={1995},
	publisher={Soc Neuroscience}
}


@article{sengupta2016studyforrest,
	title={A studyforrest extension, retinotopic mapping and localization of higher visual areas},
	author={Sengupta, Ayan and Kaule, Falko R and Guntupalli, J Swaroop and Hoffmann, Michael B and H{\"a}usler, Christian and Stadler, J{\"o}rg and Hanke, Michael},
	journal={Scientific data},
	volume={3},
	pages={160093},
	year={2016},
	publisher={Nature Publishing Group}
}

@book{siegelbaum2000neuro,
	author    = {S. A. Siegelbaum and A. J. Hudspeth },
	title     = {Principles of Neural Science (Kandel)},
	series    = {McGraw Hill Education Medical},
	publisher = {McGraw-Hill},
	location = {New York},
	year      = {2000},
	isbn      = {978-0071390118},
}

@article{shulman2003quantitative,
	title={Quantitative analysis of attention and detection signals during visual search},
	author={Shulman, Gordon L and McAvoy, Mark P and Cowan, Melanie C and Astafiev, Serguei V and Tansy, Aaron P and d'Avossa, Giovanni and Corbetta, Maurizio},
	journal={Journal of neurophysiology},
	volume={90},
	number={5},
	pages={3384--3397},
	year={2003},
	publisher={American Physiological Society}
}

@article{shulman2007right,
	title={Right TPJ deactivation during visual search: functional significance and support for a filter hypothesis},
	author={Shulman, Gordon L and Astafiev, Serguei V and McAvoy, Mark P and d'Avossa, Giovanni and Corbetta, Maurizio},
	journal={Cerebral Cortex},
	volume={17},
	number={11},
	pages={2625--2633},
	year={2007},
	publisher={Oxford University Press}
}

@article{smith2008attentional,
	title={Attentional synchrony in static and dynamic scenes},
	author={Smith, Tim and Henderson, John},
	journal={Journal of Vision},
	volume={8},
	number={6},
	pages={773--773},
	year={2008},
	publisher={The Association for Research in Vision and Ophthalmology}
}

@article{smith2013watching,
	title={Watching you watch movies: Using eye tracking to inform film theory},
	author={Smith, Tim J},
	year={2013},
	publisher={Oxford University Press}
}

@article{stanton1995topography,
	title={Topography of projections to posterior cortical areas from the macaque frontal eye fields},
	author={Stanton, GB and Bruce, CJ and Goldberg, ME},
	journal={Journal of Comparative Neurology},
	volume={353},
	number={2},
	pages={291--305},
	year={1995},
	publisher={Wiley Online Library}
}


@article{tehovnik2000eye,
	title={Eye fields in the frontal lobes of primates},
	author={Tehovnik, Edward J and Sommer, Marc A and Chou, I-Han and Slocum, Warren M and Schiller, Peter H},
	journal={Brain Research Reviews},
	volume={32},
	number={2-3},
	pages={413--448},
	year={2000},
	publisher={Elsevier}
}

@article{thompson2005visual,
	title={A visual salience map in the primate frontal eye field},
	author={Thompson, Kirk G and Bichot, Narcisse P},
	journal={Progress in brain research},
	volume={147},
	pages={249--262},
	year={2005},
	publisher={Elsevier}
}

@article{tseng2009quantifying,
	title={Quantifying center bias of observers in free viewing of dynamic natural scenes},
	author={Tseng, Po-He and Carmi, Ran and Cameron, Ian GM and Munoz, Douglas P and Itti, Laurent},
	journal={Journal of vision},
	volume={9},
	number={7},
	pages={4--4},
	year={2009},
	publisher={The Association for Research in Vision and Ophthalmology}
}

@article{vernet2014corrigendum,
	title={Corrigendum: Frontal eye field, where art thou? Anatomy, function, and non-invasive manipulation of frontal regions involved in eye movements and associated cognitive operations},
	author={Vernet, Marine and Quentin, Romain and Chanes, Lorena and Mitsumasu, Andres and Valero-Cabre, Antoni},
	journal={Frontiers in integrative neuroscience},
	volume={8},
	pages={88},
	year={2014},
	publisher={Citeseer}
}

@misc{visconti_di_oleggio_castello_matteo_2019_2560733,
	author       = {Visconti di Oleggio Castello, Matteo and
	Halchenko, Yaroslav O. and
	Hanke, Michael and
	Poldrack, Benjamin and
	Meyer, Kyle and
	Solanky, Debanjum Singh and
	Alteva, Gergana and
	Gors, Jason and
	MacFarlane, Dave and
	Olaf H√§usler, Christian and
	Olson, Taylor and
	Waite, Alex and
	De La Vega, Alejandro and
	Sochat, Vanessa and
	Keshavan, Anisha and
	Ma, Feilong and
	Christian, Horea and
	Poelen, Jorrit and
	Skyt√©n, Kusti and
	Visconti di Oleggio Castello, Matteo and
	Hardcastle, Nell and
	Stoeter, Torsten and
	C Lau, Vicky},
	title        = {{datalad/datalad: 0.11.2 (Feb 07, 2019) -- live- 
	long-and-prosper}},
	month        = feb,
	year         = 2019,
	doi          = {10.5281/zenodo.2560733},
	url          = {https://doi.org/10.5281/zenodo.2560733}
}

@article{vogt2018machine,
	title={Machine learning in neuroscience},
	author={Vogt, Nina},
	journal={Nature Methods},
	volume={15},
	number={1},
	pages={33},
	year={2018},
	publisher={Nature Publishing Group}
}


@article{vossel2014dorsal,
	title={Dorsal and ventral attention systems: distinct neural circuits but collaborative roles},
	author={Vossel, Simone and Geng, Joy J and Fink, Gereon R},
	journal={The Neuroscientist},
	volume={20},
	number={2},
	pages={150--159},
	year={2014},
	publisher={Sage Publications Sage CA: Los Angeles, CA}
}

@article{weintraub1987right,
	title={Right cerebral dominance in spatial attention: Further evidence based on ipsilateral neglect},
	author={Weintraub, Sandra and Mesulam, M-Marsel},
	journal={Archives of neurology},
	volume={44},
	number={6},
	pages={621--625},
	year={1987},
	publisher={American Medical Association}
}

@incollection{yarbus1967eye,
	title={Eye movements during perception of complex objects},
	author={Yarbus, Alfred L},
	booktitle={Eye movements and vision},
	pages={171--211},
	year={1967},
	publisher={Springer}
}

@book{zeigermann2018machine,
	title={Machine Learning -- kurz \& gut: Eine Einf{\"u}hrung mit Python, Pandas und Scikit-Learn},
	author={Zeigermann, O. and Nguyen, C.N.},
	isbn={9783960101932},
	series={kurz \& gut},
	url={https://books.google.com/books?id=n-FVDwAAQBAJ},
	year={2018},
	publisher={O'Reilly}
}

